

@Book{Zolzer1:1,
  Title                    = {DAFX: Digital Audio Effects},
  Author                   = {Udo Zölzer},
  Publisher                = {John Wiley & Sons Ltd},
  Year                     = {2002},
  Address                  = {},
  ISBN                     = {0-470-84604-6}
}


@Book{Zolzer2,
  Title                    = {Digital Audio Signal Processing},
  Author                   = {Udo Zölzer},
  Publisher                = {John Wiley & Sons Ltd},
  Year                     = {2008},
  Address                  = {},
  ISBN                     = {978-0-470-99785-7}
}


@Article{bib:article,
  Title                    = {Title of an article in a journal},
  Author                   = {Surname, Name and Name Surname},
  Journal                  = {Journal Title},
  Year                     = {2016},
  Number                   = {8},
  Pages                    = {1092--1113},
  Volume                   = {157}
}


@InProceedings{bib:conference,
  Title                    = {Title of a conference article},
  Author                   = {Name Surname and Surname, Name and N. Surname},
  Booktitle                = {Conference title},
  Year                     = {2006}, 
  Pages                    = {5346--5349}
}
 

@misc{bib:internet,
  author                   = {Name Surname and Surname, Name and N. Surname},
  title                    = {Title of a web page},
  howpublished             = {\url{http://somewhere/in/internet.html}},
  note                     = {[access date: 2018-09-30]}
}
  
